% !Mode:: "TeX:UTF-8"
@book{lamport1994latexa,
	address = {Massachusetts},
	title = {{LaTEX:} a document preparation system},
	shorttitle = {La T E X},
	publisher = {{Addison-Wesley,} Reading},
	author = {L. Lamport and others},
	year = {1994}
}
@book{goossens1994thelatex,
	address = {Massachusetts},
	title = {The {LaTEX} Companion},
	publisher = {{Addison-Wesley,} Reading},
	author = {M. Goossens and F. Mittelbach and A. Samarin},
	year = {1994}
}
@book{knuth1986thetexbook,
	address = {Massachusetts},
	title = {The texbook},
	publisher = {{Addison-Wesley} Reading},
	author = {D. E Knuth and D. Bibby and I. Makai},
	year = {1986}
}
@Misc{TUG,
  Author         = {Robin Laakso},
  Title          = {TeX Users Group},
  typeoflit	= {EB/OL},
  url		={http://www.tug.org/},
  year           = 2011
}
@Misc{Texmaker,
  Author         = {Pascal Brachet },
  Title          = {Free cross-platform LaTeX editor},
  url		 = {http://www.xm1math.net/texmaker/},
  typeoflit = 	 {EB/OL},
  year           = 2011
}

@Misc{xetex_lyx,
  Author         = {lyx.org},
  Title          = {How to use LyX with XeTeX},
  url 		 = {http://wiki.lyx.org/LyX/XeTeX},
  typeoflit = 	 {EB/OL},
  citedate =     {2011-01-13},
  year           = 2011
}

@Misc{latex3_lyx,
  Author         = {latex-project},
  Title          = {Latex3},
  url		= {http://www.latex-project.org/latex3.html},
  typeoflit = 	 {EB/OL},
  citedate =     {2011-01-13},
  year           = 2011
}

@Misc{lshort,
  Author         = {Tobias Oetiker},
  Title          = {The Not So Short Introduction to LATEX2},
  url		= {http://www.ctan.org/tex-archive/info/lshort/english/lshort.pdf},
  typeoflit = 	 {EB/OL},
  citedate =     {2011-01-13},
  modifydate =   {2010-1-19},
  year           = 2010
}

@Misc{latex2efontsel,
  Author         = {Latex3 Project Team},
  Title          = {LATEX2e font selection},
  url		= {http://www.ctan.org/tex-archive/macros/latex/doc/fntguide.pdf},
  typeoflit = 	 {EB/OL},
  citedate =     {2011-01-13},
  year           = 2005
}
